

@article{smith2019title,
  title={Title Of Great Paper},
  author={Smith, Joe},
  year={2019},
  journal={Working Paper},
  url={https://ssrn.com/abstract=9999999}
}
